%YAML 1.1
%TAG !u! tag:unity3d.com,2011:
--- !u!1 &100914
GameObject:
  m_ObjectHideFlags: 1
  m_PrefabParentObject: {fileID: 0}
  m_PrefabInternal: {fileID: 100100000}
  serializedVersion: 4
  m_Component:
  - 4: {fileID: 488962}
  m_Layer: 0
  m_Name: Bind_LeftHandPinky1
  m_TagString: Untagged
  m_Icon: {fileID: 0}
  m_NavMeshLayer: 0
  m_StaticEditorFlags: 0
  m_IsActive: 1
--- !u!1 &101928
GameObject:
  m_ObjectHideFlags: 1
  m_PrefabParentObject: {fileID: 0}
  m_PrefabInternal: {fileID: 100100000}
  serializedVersion: 4
  m_Component:
  - 4: {fileID: 478368}
  m_Layer: 0
  m_Name: Bind_LeftHandIndex2
  m_TagString: Untagged
  m_Icon: {fileID: 0}
  m_NavMeshLayer: 0
  m_StaticEditorFlags: 0
  m_IsActive: 1
--- !u!1 &104200
GameObject:
  m_ObjectHideFlags: 1
  m_PrefabParentObject: {fileID: 0}
  m_PrefabInternal: {fileID: 100100000}
  serializedVersion: 4
  m_Component:
  - 4: {fileID: 492520}
  m_Layer: 0
  m_Name: Bind_LeftForeArm
  m_TagString: Untagged
  m_Icon: {fileID: 0}
  m_NavMeshLayer: 0
  m_StaticEditorFlags: 0
  m_IsActive: 1
--- !u!1 &105616
GameObject:
  m_ObjectHideFlags: 1
  m_PrefabParentObject: {fileID: 0}
  m_PrefabInternal: {fileID: 100100000}
  serializedVersion: 4
  m_Component:
  - 4: {fileID: 412464}
  m_Layer: 0
  m_Name: Bind_HeadTop_End
  m_TagString: Untagged
  m_Icon: {fileID: 0}
  m_NavMeshLayer: 0
  m_StaticEditorFlags: 0
  m_IsActive: 1
--- !u!1 &106320
GameObject:
  m_ObjectHideFlags: 1
  m_PrefabParentObject: {fileID: 0}
  m_PrefabInternal: {fileID: 100100000}
  serializedVersion: 4
  m_Component:
  - 4: {fileID: 450020}
  - 33: {fileID: 3374272}
  - 23: {fileID: 2366690}
  - 95: {fileID: 9543946}
  m_Layer: 0
  m_Name: ak47
  m_TagString: Untagged
  m_Icon: {fileID: 0}
  m_NavMeshLayer: 0
  m_StaticEditorFlags: 0
  m_IsActive: 1
--- !u!1 &107708
GameObject:
  m_ObjectHideFlags: 1
  m_PrefabParentObject: {fileID: 0}
  m_PrefabInternal: {fileID: 100100000}
  serializedVersion: 4
  m_Component:
  - 4: {fileID: 495544}
  m_Layer: 0
  m_Name: Bind_Head
  m_TagString: Untagged
  m_Icon: {fileID: 0}
  m_NavMeshLayer: 0
  m_StaticEditorFlags: 0
  m_IsActive: 1
--- !u!1 &109228
GameObject:
  m_ObjectHideFlags: 1
  m_PrefabParentObject: {fileID: 0}
  m_PrefabInternal: {fileID: 100100000}
  serializedVersion: 4
  m_Component:
  - 4: {fileID: 412392}
  m_Layer: 0
  m_Name: Bind_LeftShoulder
  m_TagString: Untagged
  m_Icon: {fileID: 0}
  m_NavMeshLayer: 0
  m_StaticEditorFlags: 0
  m_IsActive: 1
--- !u!1 &110368
GameObject:
  m_ObjectHideFlags: 1
  m_PrefabParentObject: {fileID: 0}
  m_PrefabInternal: {fileID: 100100000}
  serializedVersion: 4
  m_Component:
  - 4: {fileID: 462364}
  m_Layer: 0
  m_Name: Bind_RightUpLeg
  m_TagString: Untagged
  m_Icon: {fileID: 0}
  m_NavMeshLayer: 0
  m_StaticEditorFlags: 0
  m_IsActive: 1
--- !u!1 &110808
GameObject:
  m_ObjectHideFlags: 1
  m_PrefabParentObject: {fileID: 0}
  m_PrefabInternal: {fileID: 100100000}
  serializedVersion: 4
  m_Component:
  - 4: {fileID: 427208}
  m_Layer: 0
  m_Name: Bind_Spine1
  m_TagString: Untagged
  m_Icon: {fileID: 0}
  m_NavMeshLayer: 0
  m_StaticEditorFlags: 0
  m_IsActive: 1
--- !u!1 &111754
GameObject:
  m_ObjectHideFlags: 1
  m_PrefabParentObject: {fileID: 0}
  m_PrefabInternal: {fileID: 100100000}
  serializedVersion: 4
  m_Component:
  - 4: {fileID: 400936}
  m_Layer: 0
  m_Name: bone_eye_left
  m_TagString: Untagged
  m_Icon: {fileID: 0}
  m_NavMeshLayer: 0
  m_StaticEditorFlags: 0
  m_IsActive: 1
--- !u!1 &114990
GameObject:
  m_ObjectHideFlags: 1
  m_PrefabParentObject: {fileID: 0}
  m_PrefabInternal: {fileID: 100100000}
  serializedVersion: 4
  m_Component:
  - 4: {fileID: 487968}
  m_Layer: 0
  m_Name: Bind_LeftLeg
  m_TagString: Untagged
  m_Icon: {fileID: 0}
  m_NavMeshLayer: 0
  m_StaticEditorFlags: 0
  m_IsActive: 1
--- !u!1 &116280
GameObject:
  m_ObjectHideFlags: 1
  m_PrefabParentObject: {fileID: 0}
  m_PrefabInternal: {fileID: 100100000}
  serializedVersion: 4
  m_Component:
  - 4: {fileID: 461430}
  m_Layer: 0
  m_Name: Bind_Spine2
  m_TagString: Untagged
  m_Icon: {fileID: 0}
  m_NavMeshLayer: 0
  m_StaticEditorFlags: 0
  m_IsActive: 1
--- !u!1 &117902
GameObject:
  m_ObjectHideFlags: 1
  m_PrefabParentObject: {fileID: 0}
  m_PrefabInternal: {fileID: 100100000}
  serializedVersion: 4
  m_Component:
  - 4: {fileID: 433956}
  m_Layer: 0
  m_Name: Bind_LeftHandPinky2
  m_TagString: Untagged
  m_Icon: {fileID: 0}
  m_NavMeshLayer: 0
  m_StaticEditorFlags: 0
  m_IsActive: 1
--- !u!1 &119110
GameObject:
  m_ObjectHideFlags: 1
  m_PrefabParentObject: {fileID: 0}
  m_PrefabInternal: {fileID: 100100000}
  serializedVersion: 4
  m_Component:
  - 4: {fileID: 467894}
  m_Layer: 0
  m_Name: Bind_RightLeg
  m_TagString: Untagged
  m_Icon: {fileID: 0}
  m_NavMeshLayer: 0
  m_StaticEditorFlags: 0
  m_IsActive: 1
--- !u!1 &119914
GameObject:
  m_ObjectHideFlags: 1
  m_PrefabParentObject: {fileID: 0}
  m_PrefabInternal: {fileID: 100100000}
  serializedVersion: 4
  m_Component:
  - 4: {fileID: 488242}
  m_Layer: 0
  m_Name: Bind_Spine
  m_TagString: Untagged
  m_Icon: {fileID: 0}
  m_NavMeshLayer: 0
  m_StaticEditorFlags: 0
  m_IsActive: 1
--- !u!1 &122814
GameObject:
  m_ObjectHideFlags: 1
  m_PrefabParentObject: {fileID: 0}
  m_PrefabInternal: {fileID: 100100000}
  serializedVersion: 4
  m_Component:
  - 4: {fileID: 443642}
  m_Layer: 0
  m_Name: Bind_RightHandThumb2
  m_TagString: Untagged
  m_Icon: {fileID: 0}
  m_NavMeshLayer: 0
  m_StaticEditorFlags: 0
  m_IsActive: 1
--- !u!1 &124064
GameObject:
  m_ObjectHideFlags: 1
  m_PrefabParentObject: {fileID: 0}
  m_PrefabInternal: {fileID: 100100000}
  serializedVersion: 4
  m_Component:
  - 4: {fileID: 411556}
  m_Layer: 0
  m_Name: Bind_LeftHandThumb1
  m_TagString: Untagged
  m_Icon: {fileID: 0}
  m_NavMeshLayer: 0
  m_StaticEditorFlags: 0
  m_IsActive: 1
--- !u!1 &125598
GameObject:
  m_ObjectHideFlags: 1
  m_PrefabParentObject: {fileID: 0}
  m_PrefabInternal: {fileID: 100100000}
  serializedVersion: 4
  m_Component:
  - 4: {fileID: 434658}
  m_Layer: 0
  m_Name: Bind_RightHandThumb3
  m_TagString: Untagged
  m_Icon: {fileID: 0}
  m_NavMeshLayer: 0
  m_StaticEditorFlags: 0
  m_IsActive: 1
--- !u!1 &125694
GameObject:
  m_ObjectHideFlags: 1
  m_PrefabParentObject: {fileID: 0}
  m_PrefabInternal: {fileID: 100100000}
  serializedVersion: 4
  m_Component:
  - 4: {fileID: 489362}
  m_Layer: 0
  m_Name: Bind_LeftHandIndex3
  m_TagString: Untagged
  m_Icon: {fileID: 0}
  m_NavMeshLayer: 0
  m_StaticEditorFlags: 0
  m_IsActive: 1
--- !u!1 &128066
GameObject:
  m_ObjectHideFlags: 1
  m_PrefabParentObject: {fileID: 0}
  m_PrefabInternal: {fileID: 100100000}
  serializedVersion: 4
  m_Component:
  - 4: {fileID: 423032}
  m_Layer: 0
  m_Name: Bind_RightFoot
  m_TagString: Untagged
  m_Icon: {fileID: 0}
  m_NavMeshLayer: 0
  m_StaticEditorFlags: 0
  m_IsActive: 1
--- !u!1 &128820
GameObject:
  m_ObjectHideFlags: 1
  m_PrefabParentObject: {fileID: 0}
  m_PrefabInternal: {fileID: 100100000}
  serializedVersion: 4
  m_Component:
  - 4: {fileID: 489036}
  m_Layer: 0
  m_Name: Bind_RightHand
  m_TagString: Untagged
  m_Icon: {fileID: 0}
  m_NavMeshLayer: 0
  m_StaticEditorFlags: 0
  m_IsActive: 1
--- !u!1 &130020
GameObject:
  m_ObjectHideFlags: 1
  m_PrefabParentObject: {fileID: 0}
  m_PrefabInternal: {fileID: 100100000}
  serializedVersion: 4
  m_Component:
  - 4: {fileID: 437312}
  m_Layer: 0
  m_Name: Bind_RightHandMiddle3
  m_TagString: Untagged
  m_Icon: {fileID: 0}
  m_NavMeshLayer: 0
  m_StaticEditorFlags: 0
  m_IsActive: 1
--- !u!1 &130704
GameObject:
  m_ObjectHideFlags: 1
  m_PrefabParentObject: {fileID: 0}
  m_PrefabInternal: {fileID: 100100000}
  serializedVersion: 4
  m_Component:
  - 4: {fileID: 476922}
  - 137: {fileID: 13788926}
  m_Layer: 0
  m_Name: Mesh_generic_boy_hair3
  m_TagString: Untagged
  m_Icon: {fileID: 0}
  m_NavMeshLayer: 0
  m_StaticEditorFlags: 0
  m_IsActive: 1
--- !u!1 &134034
GameObject:
  m_ObjectHideFlags: 1
  m_PrefabParentObject: {fileID: 0}
  m_PrefabInternal: {fileID: 100100000}
  serializedVersion: 4
  m_Component:
  - 4: {fileID: 492106}
  m_Layer: 0
  m_Name: Mesh_GRP
  m_TagString: Untagged
  m_Icon: {fileID: 0}
  m_NavMeshLayer: 0
  m_StaticEditorFlags: 0
  m_IsActive: 1
--- !u!1 &138094
GameObject:
  m_ObjectHideFlags: 1
  m_PrefabParentObject: {fileID: 0}
  m_PrefabInternal: {fileID: 100100000}
  serializedVersion: 4
  m_Component:
  - 4: {fileID: 481682}
  - 137: {fileID: 13774460}
  m_Layer: 0
  m_Name: Mesh_polySurface2
  m_TagString: Untagged
  m_Icon: {fileID: 0}
  m_NavMeshLayer: 0
  m_StaticEditorFlags: 0
  m_IsActive: 1
--- !u!1 &142148
GameObject:
  m_ObjectHideFlags: 1
  m_PrefabParentObject: {fileID: 0}
  m_PrefabInternal: {fileID: 100100000}
  serializedVersion: 4
  m_Component:
  - 4: {fileID: 462022}
  m_Layer: 0
  m_Name: Bind_RightHandRing2
  m_TagString: Untagged
  m_Icon: {fileID: 0}
  m_NavMeshLayer: 0
  m_StaticEditorFlags: 0
  m_IsActive: 1
--- !u!1 &146138
GameObject:
  m_ObjectHideFlags: 1
  m_PrefabParentObject: {fileID: 0}
  m_PrefabInternal: {fileID: 100100000}
  serializedVersion: 4
  m_Component:
  - 4: {fileID: 406144}
  m_Layer: 0
  m_Name: Bind_LeftHandRing2
  m_TagString: Untagged
  m_Icon: {fileID: 0}
  m_NavMeshLayer: 0
  m_StaticEditorFlags: 0
  m_IsActive: 1
--- !u!1 &146466
GameObject:
  m_ObjectHideFlags: 1
  m_PrefabParentObject: {fileID: 0}
  m_PrefabInternal: {fileID: 100100000}
  serializedVersion: 4
  m_Component:
  - 4: {fileID: 489778}
  m_Layer: 0
  m_Name: Bind_LeftHandRing1
  m_TagString: Untagged
  m_Icon: {fileID: 0}
  m_NavMeshLayer: 0
  m_StaticEditorFlags: 0
  m_IsActive: 1
--- !u!1 &146786
GameObject:
  m_ObjectHideFlags: 1
  m_PrefabParentObject: {fileID: 0}
  m_PrefabInternal: {fileID: 100100000}
  serializedVersion: 4
  m_Component:
  - 4: {fileID: 451040}
  m_Layer: 0
  m_Name: Bind_LeftHandMiddle3
  m_TagString: Untagged
  m_Icon: {fileID: 0}
  m_NavMeshLayer: 0
  m_StaticEditorFlags: 0
  m_IsActive: 1
--- !u!1 &147322
GameObject:
  m_ObjectHideFlags: 1
  m_PrefabParentObject: {fileID: 0}
  m_PrefabInternal: {fileID: 100100000}
  serializedVersion: 4
  m_Component:
  - 4: {fileID: 467546}
  m_Layer: 0
  m_Name: Bind_RightHandRing1
  m_TagString: Untagged
  m_Icon: {fileID: 0}
  m_NavMeshLayer: 0
  m_StaticEditorFlags: 0
  m_IsActive: 1
--- !u!1 &148004
GameObject:
  m_ObjectHideFlags: 1
  m_PrefabParentObject: {fileID: 0}
  m_PrefabInternal: {fileID: 100100000}
  serializedVersion: 4
  m_Component:
  - 4: {fileID: 463006}
  m_Layer: 0
  m_Name: Bind_RightToeBase
  m_TagString: Untagged
  m_Icon: {fileID: 0}
  m_NavMeshLayer: 0
  m_StaticEditorFlags: 0
  m_IsActive: 1
--- !u!1 &149566
GameObject:
  m_ObjectHideFlags: 1
  m_PrefabParentObject: {fileID: 0}
  m_PrefabInternal: {fileID: 100100000}
  serializedVersion: 4
  m_Component:
  - 4: {fileID: 457934}
  m_Layer: 0
  m_Name: Muzzle
  m_TagString: Untagged
  m_Icon: {fileID: 0}
  m_NavMeshLayer: 0
  m_StaticEditorFlags: 0
  m_IsActive: 1
--- !u!1 &151150
GameObject:
  m_ObjectHideFlags: 1
  m_PrefabParentObject: {fileID: 0}
  m_PrefabInternal: {fileID: 100100000}
  serializedVersion: 4
  m_Component:
  - 4: {fileID: 415868}
  m_Layer: 0
  m_Name: Bind_LeftArm
  m_TagString: Untagged
  m_Icon: {fileID: 0}
  m_NavMeshLayer: 0
  m_StaticEditorFlags: 0
  m_IsActive: 1
--- !u!1 &151180
GameObject:
  m_ObjectHideFlags: 1
  m_PrefabParentObject: {fileID: 0}
  m_PrefabInternal: {fileID: 100100000}
  serializedVersion: 4
  m_Component:
  - 4: {fileID: 458990}
  m_Layer: 0
  m_Name: Bind_LeftHand
  m_TagString: Untagged
  m_Icon: {fileID: 0}
  m_NavMeshLayer: 0
  m_StaticEditorFlags: 0
  m_IsActive: 1
--- !u!1 &154970
GameObject:
  m_ObjectHideFlags: 1
  m_PrefabParentObject: {fileID: 0}
  m_PrefabInternal: {fileID: 100100000}
  serializedVersion: 4
  m_Component:
  - 4: {fileID: 400262}
  m_Layer: 0
  m_Name: Bind_RightHandPinky3
  m_TagString: Untagged
  m_Icon: {fileID: 0}
  m_NavMeshLayer: 0
  m_StaticEditorFlags: 0
  m_IsActive: 1
--- !u!1 &155024
GameObject:
  m_ObjectHideFlags: 1
  m_PrefabParentObject: {fileID: 0}
  m_PrefabInternal: {fileID: 100100000}
  serializedVersion: 4
  m_Component:
  - 4: {fileID: 494304}
  m_Layer: 0
  m_Name: Bind_RightHandRing3
  m_TagString: Untagged
  m_Icon: {fileID: 0}
  m_NavMeshLayer: 0
  m_StaticEditorFlags: 0
  m_IsActive: 1
--- !u!1 &155778
GameObject:
  m_ObjectHideFlags: 1
  m_PrefabParentObject: {fileID: 0}
  m_PrefabInternal: {fileID: 100100000}
  serializedVersion: 4
  m_Component:
  - 4: {fileID: 419534}
  m_Layer: 0
  m_Name: Bind_Neck
  m_TagString: Untagged
  m_Icon: {fileID: 0}
  m_NavMeshLayer: 0
  m_StaticEditorFlags: 0
  m_IsActive: 1
--- !u!1 &155826
GameObject:
  m_ObjectHideFlags: 1
  m_PrefabParentObject: {fileID: 0}
  m_PrefabInternal: {fileID: 100100000}
  serializedVersion: 4
  m_Component:
  - 4: {fileID: 450298}
  m_Layer: 0
  m_Name: Bind_RightHandMiddle2
  m_TagString: Untagged
  m_Icon: {fileID: 0}
  m_NavMeshLayer: 0
  m_StaticEditorFlags: 0
  m_IsActive: 1
--- !u!1 &156186
GameObject:
  m_ObjectHideFlags: 1
  m_PrefabParentObject: {fileID: 0}
  m_PrefabInternal: {fileID: 100100000}
  serializedVersion: 4
  m_Component:
  - 4: {fileID: 471168}
  m_Layer: 0
  m_Name: Bind_RightHandIndex1
  m_TagString: Untagged
  m_Icon: {fileID: 0}
  m_NavMeshLayer: 0
  m_StaticEditorFlags: 0
  m_IsActive: 1
--- !u!1 &156744
GameObject:
  m_ObjectHideFlags: 1
  m_PrefabParentObject: {fileID: 0}
  m_PrefabInternal: {fileID: 100100000}
  serializedVersion: 4
  m_Component:
  - 4: {fileID: 457420}
  m_Layer: 0
  m_Name: Bind_RightForeArm
  m_TagString: Untagged
  m_Icon: {fileID: 0}
  m_NavMeshLayer: 0
  m_StaticEditorFlags: 0
  m_IsActive: 1
--- !u!1 &158852
GameObject:
  m_ObjectHideFlags: 1
  m_PrefabParentObject: {fileID: 0}
  m_PrefabInternal: {fileID: 100100000}
  serializedVersion: 4
  m_Component:
  - 4: {fileID: 435584}
  m_Layer: 0
  m_Name: Bind_LeftHandRing3
  m_TagString: Untagged
  m_Icon: {fileID: 0}
  m_NavMeshLayer: 0
  m_StaticEditorFlags: 0
  m_IsActive: 1
--- !u!1 &159312
GameObject:
  m_ObjectHideFlags: 1
  m_PrefabParentObject: {fileID: 0}
  m_PrefabInternal: {fileID: 100100000}
  serializedVersion: 4
  m_Component:
  - 4: {fileID: 469050}
  m_Layer: 0
  m_Name: Bind_LeftFoot
  m_TagString: Untagged
  m_Icon: {fileID: 0}
  m_NavMeshLayer: 0
  m_StaticEditorFlags: 0
  m_IsActive: 1
--- !u!1 &161502
GameObject:
  m_ObjectHideFlags: 1
  m_PrefabParentObject: {fileID: 0}
  m_PrefabInternal: {fileID: 100100000}
  serializedVersion: 4
  m_Component:
  - 4: {fileID: 400202}
  m_Layer: 0
  m_Name: Bind_Hips
  m_TagString: Untagged
  m_Icon: {fileID: 0}
  m_NavMeshLayer: 0
  m_StaticEditorFlags: 0
  m_IsActive: 1
--- !u!1 &165414
GameObject:
  m_ObjectHideFlags: 1
  m_PrefabParentObject: {fileID: 0}
  m_PrefabInternal: {fileID: 100100000}
  serializedVersion: 4
  m_Component:
  - 4: {fileID: 462784}
  - 137: {fileID: 13710970}
  m_Layer: 0
  m_Name: Mesh_MainCharacter_boy_oufit
  m_TagString: Untagged
  m_Icon: {fileID: 0}
  m_NavMeshLayer: 0
  m_StaticEditorFlags: 0
  m_IsActive: 1
--- !u!1 &165620
GameObject:
  m_ObjectHideFlags: 1
  m_PrefabParentObject: {fileID: 0}
  m_PrefabInternal: {fileID: 100100000}
  serializedVersion: 4
  m_Component:
  - 4: {fileID: 485768}
  m_Layer: 0
  m_Name: Bind_LeftToeBase
  m_TagString: Untagged
  m_Icon: {fileID: 0}
  m_NavMeshLayer: 0
  m_StaticEditorFlags: 0
  m_IsActive: 1
--- !u!1 &166006
GameObject:
  m_ObjectHideFlags: 1
  m_PrefabParentObject: {fileID: 0}
  m_PrefabInternal: {fileID: 100100000}
  serializedVersion: 4
  m_Component:
  - 4: {fileID: 477118}
  m_Layer: 0
  m_Name: Bind_LeftHandThumb2
  m_TagString: Untagged
  m_Icon: {fileID: 0}
  m_NavMeshLayer: 0
  m_StaticEditorFlags: 0
  m_IsActive: 1
--- !u!1 &166830
GameObject:
  m_ObjectHideFlags: 1
  m_PrefabParentObject: {fileID: 0}
  m_PrefabInternal: {fileID: 100100000}
  serializedVersion: 4
  m_Component:
  - 4: {fileID: 457048}
  m_Layer: 0
  m_Name: Bind_LeftHandThumb3
  m_TagString: Untagged
  m_Icon: {fileID: 0}
  m_NavMeshLayer: 0
  m_StaticEditorFlags: 0
  m_IsActive: 1
--- !u!1 &168930
GameObject:
  m_ObjectHideFlags: 1
  m_PrefabParentObject: {fileID: 0}
  m_PrefabInternal: {fileID: 100100000}
  serializedVersion: 4
  m_Component:
  - 4: {fileID: 434790}
  m_Layer: 0
  m_Name: Bind_LeftHandMiddle1
  m_TagString: Untagged
  m_Icon: {fileID: 0}
  m_NavMeshLayer: 0
  m_StaticEditorFlags: 0
  m_IsActive: 1
--- !u!1 &169360
GameObject:
  m_ObjectHideFlags: 1
  m_PrefabParentObject: {fileID: 0}
  m_PrefabInternal: {fileID: 100100000}
  serializedVersion: 4
  m_Component:
  - 4: {fileID: 452670}
  m_Layer: 0
  m_Name: Bind_RightHandThumb1
  m_TagString: Untagged
  m_Icon: {fileID: 0}
  m_NavMeshLayer: 0
  m_StaticEditorFlags: 0
  m_IsActive: 1
--- !u!1 &172196
GameObject:
  m_ObjectHideFlags: 1
  m_PrefabParentObject: {fileID: 0}
  m_PrefabInternal: {fileID: 100100000}
  serializedVersion: 4
  m_Component:
  - 4: {fileID: 401802}
  m_Layer: 0
  m_Name: Bind_LeftHandMiddle2
  m_TagString: Untagged
  m_Icon: {fileID: 0}
  m_NavMeshLayer: 0
  m_StaticEditorFlags: 0
  m_IsActive: 1
--- !u!1 &175492
GameObject:
  m_ObjectHideFlags: 1
  m_PrefabParentObject: {fileID: 0}
  m_PrefabInternal: {fileID: 100100000}
  serializedVersion: 4
  m_Component:
  - 4: {fileID: 416952}
  m_Layer: 0
  m_Name: Joint_GRP
  m_TagString: Untagged
  m_Icon: {fileID: 0}
  m_NavMeshLayer: 0
  m_StaticEditorFlags: 0
  m_IsActive: 1
--- !u!1 &176622
GameObject:
  m_ObjectHideFlags: 1
  m_PrefabParentObject: {fileID: 0}
  m_PrefabInternal: {fileID: 100100000}
  serializedVersion: 4
  m_Component:
  - 4: {fileID: 422834}
  m_Layer: 0
  m_Name: Bind_RightArm
  m_TagString: Untagged
  m_Icon: {fileID: 0}
  m_NavMeshLayer: 0
  m_StaticEditorFlags: 0
  m_IsActive: 1
--- !u!1 &177918
GameObject:
  m_ObjectHideFlags: 0
  m_PrefabParentObject: {fileID: 0}
  m_PrefabInternal: {fileID: 100100000}
  serializedVersion: 4
  m_Component:
  - 4: {fileID: 461004}
  - 95: {fileID: 9595286}
  m_Layer: 0
  m_Name: Main_Chara_BindedMesh
  m_TagString: Untagged
  m_Icon: {fileID: 0}
  m_NavMeshLayer: 0
  m_StaticEditorFlags: 0
  m_IsActive: 1
--- !u!1 &178068
GameObject:
  m_ObjectHideFlags: 1
  m_PrefabParentObject: {fileID: 0}
  m_PrefabInternal: {fileID: 100100000}
  serializedVersion: 4
  m_Component:
  - 4: {fileID: 470428}
  - 137: {fileID: 13730738}
  m_Layer: 0
  m_Name: Mesh_polySurface1
  m_TagString: Untagged
  m_Icon: {fileID: 0}
  m_NavMeshLayer: 0
  m_StaticEditorFlags: 0
  m_IsActive: 1
--- !u!1 &180840
GameObject:
  m_ObjectHideFlags: 1
  m_PrefabParentObject: {fileID: 0}
  m_PrefabInternal: {fileID: 100100000}
  serializedVersion: 4
  m_Component:
  - 4: {fileID: 429288}
  m_Layer: 0
  m_Name: Bind_LeftHandPinky3
  m_TagString: Untagged
  m_Icon: {fileID: 0}
  m_NavMeshLayer: 0
  m_StaticEditorFlags: 0
  m_IsActive: 1
--- !u!1 &182276
GameObject:
  m_ObjectHideFlags: 1
  m_PrefabParentObject: {fileID: 0}
  m_PrefabInternal: {fileID: 100100000}
  serializedVersion: 4
  m_Component:
  - 4: {fileID: 495788}
  m_Layer: 0
  m_Name: Bind_LeftHandIndex1
  m_TagString: Untagged
  m_Icon: {fileID: 0}
  m_NavMeshLayer: 0
  m_StaticEditorFlags: 0
  m_IsActive: 1
--- !u!1 &183578
GameObject:
  m_ObjectHideFlags: 1
  m_PrefabParentObject: {fileID: 0}
  m_PrefabInternal: {fileID: 100100000}
  serializedVersion: 4
  m_Component:
  - 4: {fileID: 410090}
  m_Layer: 0
  m_Name: Bind_Joint_GRP
  m_TagString: Untagged
  m_Icon: {fileID: 0}
  m_NavMeshLayer: 0
  m_StaticEditorFlags: 0
  m_IsActive: 1
--- !u!1 &184126
GameObject:
  m_ObjectHideFlags: 1
  m_PrefabParentObject: {fileID: 0}
  m_PrefabInternal: {fileID: 100100000}
  serializedVersion: 4
  m_Component:
  - 4: {fileID: 423622}
  m_Layer: 0
  m_Name: Bind_RightShoulder
  m_TagString: Untagged
  m_Icon: {fileID: 0}
  m_NavMeshLayer: 0
  m_StaticEditorFlags: 0
  m_IsActive: 1
--- !u!1 &184346
GameObject:
  m_ObjectHideFlags: 1
  m_PrefabParentObject: {fileID: 0}
  m_PrefabInternal: {fileID: 100100000}
  serializedVersion: 4
  m_Component:
  - 4: {fileID: 464796}
  m_Layer: 0
  m_Name: Bind_LeftUpLeg
  m_TagString: Untagged
  m_Icon: {fileID: 0}
  m_NavMeshLayer: 0
  m_StaticEditorFlags: 0
  m_IsActive: 1
--- !u!1 &185738
GameObject:
  m_ObjectHideFlags: 1
  m_PrefabParentObject: {fileID: 0}
  m_PrefabInternal: {fileID: 100100000}
  serializedVersion: 4
  m_Component:
  - 4: {fileID: 496308}
  m_Layer: 0
  m_Name: Bind_RightHandPinky1
  m_TagString: Untagged
  m_Icon: {fileID: 0}
  m_NavMeshLayer: 0
  m_StaticEditorFlags: 0
  m_IsActive: 1
--- !u!1 &187858
GameObject:
  m_ObjectHideFlags: 1
  m_PrefabParentObject: {fileID: 0}
  m_PrefabInternal: {fileID: 100100000}
  serializedVersion: 4
  m_Component:
  - 4: {fileID: 465636}
  m_Layer: 0
  m_Name: Bind_RightHandIndex3
  m_TagString: Untagged
  m_Icon: {fileID: 0}
  m_NavMeshLayer: 0
  m_StaticEditorFlags: 0
  m_IsActive: 1
--- !u!1 &189146
GameObject:
  m_ObjectHideFlags: 1
  m_PrefabParentObject: {fileID: 0}
  m_PrefabInternal: {fileID: 100100000}
  serializedVersion: 4
  m_Component:
  - 4: {fileID: 481908}
  - 137: {fileID: 13707664}
  m_Layer: 0
  m_Name: Mesh_generic_boy_inner_mouth
  m_TagString: Untagged
  m_Icon: {fileID: 0}
  m_NavMeshLayer: 0
  m_StaticEditorFlags: 0
  m_IsActive: 1
--- !u!1 &191580
GameObject:
  m_ObjectHideFlags: 1
  m_PrefabParentObject: {fileID: 0}
  m_PrefabInternal: {fileID: 100100000}
  serializedVersion: 4
  m_Component:
  - 4: {fileID: 496626}
  m_Layer: 0
  m_Name: Bind_RightHandPinky2
  m_TagString: Untagged
  m_Icon: {fileID: 0}
  m_NavMeshLayer: 0
  m_StaticEditorFlags: 0
  m_IsActive: 1
--- !u!1 &191780
GameObject:
  m_ObjectHideFlags: 0
  m_PrefabParentObject: {fileID: 0}
  m_PrefabInternal: {fileID: 100100000}
  serializedVersion: 4
  m_Component:
  - 4: {fileID: 429682}
  - 114: {fileID: 11494318}
  - 54: {fileID: 5452970}
  - 136: {fileID: 13664168}
  - 114: {fileID: 11484444}
  m_Layer: 0
  m_Name: MAIN
  m_TagString: Interactable
  m_Icon: {fileID: 0}
  m_NavMeshLayer: 0
  m_StaticEditorFlags: 0
  m_IsActive: 1
--- !u!1 &196240
GameObject:
  m_ObjectHideFlags: 1
  m_PrefabParentObject: {fileID: 0}
  m_PrefabInternal: {fileID: 100100000}
  serializedVersion: 4
  m_Component:
  - 4: {fileID: 495734}
  m_Layer: 0
  m_Name: Bind_RightHandMiddle1
  m_TagString: Untagged
  m_Icon: {fileID: 0}
  m_NavMeshLayer: 0
  m_StaticEditorFlags: 0
  m_IsActive: 1
--- !u!1 &196848
GameObject:
  m_ObjectHideFlags: 1
  m_PrefabParentObject: {fileID: 0}
  m_PrefabInternal: {fileID: 100100000}
  serializedVersion: 4
  m_Component:
  - 4: {fileID: 401270}
  m_Layer: 0
  m_Name: bone_eye_right
  m_TagString: Untagged
  m_Icon: {fileID: 0}
  m_NavMeshLayer: 0
  m_StaticEditorFlags: 0
  m_IsActive: 1
--- !u!1 &196958
GameObject:
  m_ObjectHideFlags: 1
  m_PrefabParentObject: {fileID: 0}
  m_PrefabInternal: {fileID: 100100000}
  serializedVersion: 4
  m_Component:
  - 4: {fileID: 425966}
  m_Layer: 0
  m_Name: Bind_RightHandIndex2
  m_TagString: Untagged
  m_Icon: {fileID: 0}
  m_NavMeshLayer: 0
  m_StaticEditorFlags: 0
  m_IsActive: 1
--- !u!1 &198986
GameObject:
  m_ObjectHideFlags: 1
  m_PrefabParentObject: {fileID: 0}
  m_PrefabInternal: {fileID: 100100000}
  serializedVersion: 4
  m_Component:
  - 4: {fileID: 474636}
  - 137: {fileID: 13730550}
  m_Layer: 0
  m_Name: Mesh_MainCharacter_bodymesh
  m_TagString: Untagged
  m_Icon: {fileID: 0}
  m_NavMeshLayer: 0
  m_StaticEditorFlags: 0
  m_IsActive: 1
--- !u!4 &400202
Transform:
  m_ObjectHideFlags: 1
  m_PrefabParentObject: {fileID: 0}
  m_PrefabInternal: {fileID: 100100000}
  m_GameObject: {fileID: 161502}
  m_LocalRotation: {x: 3.95717414e-08, y: 1.03727388e-07, z: -3.5258995e-06, w: 1}
  m_LocalPosition: {x: 5.32528938e-05, y: .689059258, z: .00359343342}
  m_LocalScale: {x: 1, y: 1, z: 1}
  m_Children:
  - {fileID: 464796}
  - {fileID: 462364}
  - {fileID: 488242}
  m_Father: {fileID: 410090}
  m_RootOrder: 0
--- !u!4 &400262
Transform:
  m_ObjectHideFlags: 1
  m_PrefabParentObject: {fileID: 0}
  m_PrefabInternal: {fileID: 100100000}
  m_GameObject: {fileID: 154970}
  m_LocalRotation: {x: -1.16845399e-07, y: -3.76901371e-05, z: .000969544461, w: .999999523}
  m_LocalPosition: {x: -6.39495629e-05, y: .0309346411, z: 3.67650771e-11}
  m_LocalScale: {x: 1, y: 1, z: 1}
  m_Children: []
  m_Father: {fileID: 496626}
  m_RootOrder: 0
--- !u!4 &400936
Transform:
  m_ObjectHideFlags: 1
  m_PrefabParentObject: {fileID: 0}
  m_PrefabInternal: {fileID: 100100000}
  m_GameObject: {fileID: 111754}
  m_LocalRotation: {x: 0, y: 0, z: 0, w: 1}
  m_LocalPosition: {x: -.0449235849, y: .121083029, z: .0817493796}
  m_LocalScale: {x: 1, y: 1, z: 1}
  m_Children: []
  m_Father: {fileID: 495544}
  m_RootOrder: 1
--- !u!4 &401270
Transform:
  m_ObjectHideFlags: 1
  m_PrefabParentObject: {fileID: 0}
  m_PrefabInternal: {fileID: 100100000}
  m_GameObject: {fileID: 196848}
  m_LocalRotation: {x: 1, y: -0, z: 0, w: 7.08611225e-10}
  m_LocalPosition: {x: .0449219905, y: .121083654, z: .0817494616}
  m_LocalScale: {x: 1, y: 1, z: 1}
  m_Children: []
  m_Father: {fileID: 495544}
  m_RootOrder: 2
--- !u!4 &401802
Transform:
  m_ObjectHideFlags: 1
  m_PrefabParentObject: {fileID: 0}
  m_PrefabInternal: {fileID: 100100000}
  m_GameObject: {fileID: 172196}
  m_LocalRotation: {x: 5.55464723e-08, y: 3.84571867e-05, z: .00115290284, w: .999999344}
  m_LocalPosition: {x: -7.22218101e-05, y: .0439447425, z: 5.27727362e-10}
  m_LocalScale: {x: 1, y: 1, z: 1}
  m_Children:
  - {fileID: 451040}
  m_Father: {fileID: 434790}
  m_RootOrder: 0
--- !u!4 &406144
Transform:
  m_ObjectHideFlags: 1
  m_PrefabParentObject: {fileID: 0}
  m_PrefabInternal: {fileID: 100100000}
  m_GameObject: {fileID: 146138}
  m_LocalRotation: {x: -2.70203682e-08, y: 5.80497435e-05, z: .000722677156, w: .999999762}
  m_LocalPosition: {x: -8.65527181e-05, y: .0403331891, z: 1.03423756e-10}
  m_LocalScale: {x: 1, y: 1, z: 1}
  m_Children:
  - {fileID: 435584}
  m_Father: {fileID: 489778}
  m_RootOrder: 0
--- !u!4 &410090
Transform:
  m_ObjectHideFlags: 1
  m_PrefabParentObject: {fileID: 0}
  m_PrefabInternal: {fileID: 100100000}
  m_GameObject: {fileID: 183578}
  m_LocalRotation: {x: 0, y: 0, z: 0, w: 1}
  m_LocalPosition: {x: 0, y: 0, z: 0}
  m_LocalScale: {x: 1, y: 1, z: 1}
  m_Children:
  - {fileID: 400202}
  m_Father: {fileID: 416952}
  m_RootOrder: 0
--- !u!4 &411556
Transform:
  m_ObjectHideFlags: 1
  m_PrefabParentObject: {fileID: 0}
  m_PrefabInternal: {fileID: 100100000}
  m_GameObject: {fileID: 124064}
  m_LocalRotation: {x: .192122191, y: -.111237131, z: -.414336622, w: .882632732}
  m_LocalPosition: {x: .0318055451, y: .0225578025, z: .00762998778}
  m_LocalScale: {x: 1, y: 1, z: 1}
  m_Children:
  - {fileID: 477118}
  m_Father: {fileID: 458990}
  m_RootOrder: 4
--- !u!4 &412392
Transform:
  m_ObjectHideFlags: 1
  m_PrefabParentObject: {fileID: 0}
  m_PrefabInternal: {fileID: 100100000}
  m_GameObject: {fileID: 109228}
  m_LocalRotation: {x: .564375639, y: -.423721433, z: .571920991, w: .4181467}
  m_LocalPosition: {x: -.0452526882, y: .0942358226, z: -.000603992667}
  m_LocalScale: {x: 1, y: 1, z: 1}
  m_Children:
  - {fileID: 415868}
  m_Father: {fileID: 461430}
  m_RootOrder: 0
--- !u!4 &412464
Transform:
  m_ObjectHideFlags: 1
  m_PrefabParentObject: {fileID: 0}
  m_PrefabInternal: {fileID: 100100000}
  m_GameObject: {fileID: 105616}
  m_LocalRotation: {x: -3.46944695e-18, y: 0, z: -0, w: 1}
  m_LocalPosition: {x: -0, y: .268502504, z: -.00900101941}
  m_LocalScale: {x: 1, y: 1, z: 1}
  m_Children: []
  m_Father: {fileID: 495544}
  m_RootOrder: 0
--- !u!4 &415868
Transform:
  m_ObjectHideFlags: 1
  m_PrefabParentObject: {fileID: 0}
  m_PrefabInternal: {fileID: 100100000}
  m_GameObject: {fileID: 151150}
  m_LocalRotation: {x: -.147231549, y: -.00411272654, z: -.00609418703, w: .989074707}
  m_LocalPosition: {x: -1.76337105e-11, y: .094317615, z: 1.86383159e-10}
  m_LocalScale: {x: 1, y: 1, z: 1}
  m_Children:
  - {fileID: 492520}
  m_Father: {fileID: 412392}
  m_RootOrder: 0
--- !u!4 &416952
Transform:
  m_ObjectHideFlags: 1
  m_PrefabParentObject: {fileID: 0}
  m_PrefabInternal: {fileID: 100100000}
  m_GameObject: {fileID: 175492}
  m_LocalRotation: {x: 0, y: 0, z: 0, w: 1}
  m_LocalPosition: {x: 0, y: 0, z: 0}
  m_LocalScale: {x: 1, y: 1, z: 1}
  m_Children:
  - {fileID: 410090}
  m_Father: {fileID: 461004}
  m_RootOrder: 0
--- !u!4 &419534
Transform:
  m_ObjectHideFlags: 1
  m_PrefabParentObject: {fileID: 0}
  m_PrefabInternal: {fileID: 100100000}
  m_GameObject: {fileID: 155778}
  m_LocalRotation: {x: .0245894492, y: -0, z: -0, w: .999697626}
  m_LocalPosition: {x: -0, y: .10808529, z: 1.47151191e-09}
  m_LocalScale: {x: 1, y: 1, z: 1}
  m_Children:
  - {fileID: 495544}
  m_Father: {fileID: 461430}
  m_RootOrder: 1
--- !u!4 &422834
Transform:
  m_ObjectHideFlags: 1
  m_PrefabParentObject: {fileID: 0}
  m_PrefabInternal: {fileID: 100100000}
  m_GameObject: {fileID: 176622}
  m_LocalRotation: {x: -.147099212, y: .00320562604, z: .00796537381, w: .989084482}
  m_LocalPosition: {x: 1.5977663e-12, y: .094317615, z: 1.87208637e-10}
  m_LocalScale: {x: 1, y: 1, z: 1}
  m_Children:
  - {fileID: 457420}
  m_Father: {fileID: 423622}
  m_RootOrder: 0
--- !u!4 &423032
Transform:
  m_ObjectHideFlags: 1
  m_PrefabParentObject: {fileID: 0}
  m_PrefabInternal: {fileID: 100100000}
  m_GameObject: {fileID: 128066}
  m_LocalRotation: {x: .485610813, y: .0376411788, z: .011158416, w: .873293102}
  m_LocalPosition: {x: 7.298816e-10, y: .277892411, z: 6.11238338e-10}
  m_LocalScale: {x: 1, y: 1, z: 1}
  m_Children:
  - {fileID: 463006}
  m_Father: {fileID: 467894}
  m_RootOrder: 0
--- !u!4 &423622
Transform:
  m_ObjectHideFlags: 1
  m_PrefabParentObject: {fileID: 0}
  m_PrefabInternal: {fileID: 100100000}
  m_GameObject: {fileID: 184126}
  m_LocalRotation: {x: -.563337982, y: -.424512655, z: .572834074, w: -.417493075}
  m_LocalPosition: {x: .0452526882, y: .0942434594, z: -.00075907202}
  m_LocalScale: {x: 1, y: 1, z: 1}
  m_Children:
  - {fileID: 422834}
  m_Father: {fileID: 461430}
  m_RootOrder: 2
--- !u!4 &425966
Transform:
  m_ObjectHideFlags: 1
  m_PrefabParentObject: {fileID: 0}
  m_PrefabInternal: {fileID: 100100000}
  m_GameObject: {fileID: 196958}
  m_LocalRotation: {x: -2.86517775e-07, y: -6.02755863e-05, z: -.00103625725, w: .999999464}
  m_LocalPosition: {x: 7.22978002e-05, y: .0385923833, z: 9.05703915e-11}
  m_LocalScale: {x: 1, y: 1, z: 1}
  m_Children:
  - {fileID: 465636}
  m_Father: {fileID: 471168}
  m_RootOrder: 0
--- !u!4 &427208
Transform:
  m_ObjectHideFlags: 1
  m_PrefabParentObject: {fileID: 0}
  m_PrefabInternal: {fileID: 100100000}
  m_GameObject: {fileID: 110808}
  m_LocalRotation: {x: -1.09088447e-17, y: 0, z: -0, w: 1}
  m_LocalPosition: {x: -0, y: .0840663835, z: -3.07626286e-11}
  m_LocalScale: {x: 1, y: 1, z: 1}
  m_Children:
  - {fileID: 461430}
  m_Father: {fileID: 488242}
  m_RootOrder: 0
--- !u!4 &429288
Transform:
  m_ObjectHideFlags: 1
  m_PrefabParentObject: {fileID: 0}
  m_PrefabInternal: {fileID: 100100000}
  m_GameObject: {fileID: 180840}
  m_LocalRotation: {x: -2.15347569e-07, y: 3.36453159e-05, z: -.000249311532, w: 1}
  m_LocalPosition: {x: 4.11782203e-05, y: .0310667977, z: 3.72358117e-11}
  m_LocalScale: {x: 1, y: 1, z: 1}
  m_Children: []
  m_Father: {fileID: 433956}
  m_RootOrder: 0
--- !u!4 &429682
Transform:
  m_ObjectHideFlags: 1
  m_PrefabParentObject: {fileID: 0}
  m_PrefabInternal: {fileID: 100100000}
  m_GameObject: {fileID: 191780}
  m_LocalRotation: {x: 0, y: .971437633, z: 0, w: .237295166}
  m_LocalPosition: {x: -5.74668884, y: 0, z: -4.87763977}
  m_LocalScale: {x: 1, y: 1, z: 1}
  m_Children:
  - {fileID: 461004}
  m_Father: {fileID: 0}
  m_RootOrder: 0
--- !u!4 &433956
Transform:
  m_ObjectHideFlags: 1
  m_PrefabParentObject: {fileID: 0}
  m_PrefabInternal: {fileID: 100100000}
  m_GameObject: {fileID: 117902}
  m_LocalRotation: {x: 3.89019839e-08, y: 8.64034337e-06, z: .00144216418, w: .999998987}
  m_LocalPosition: {x: -5.55766492e-05, y: .0375723429, z: -5.34697953e-10}
  m_LocalScale: {x: 1, y: 1, z: 1}
  m_Children:
  - {fileID: 429288}
  m_Father: {fileID: 488962}
  m_RootOrder: 0
--- !u!4 &434658
Transform:
  m_ObjectHideFlags: 1
  m_PrefabParentObject: {fileID: 0}
  m_PrefabInternal: {fileID: 100100000}
  m_GameObject: {fileID: 125598}
  m_LocalRotation: {x: -.000153214409, y: .00178658124, z: .0486001819, w: .998816729}
  m_LocalPosition: {x: -.00516536366, y: .0381580777, z: 3.81471188e-10}
  m_LocalScale: {x: 1, y: 1, z: 1}
  m_Children: []
  m_Father: {fileID: 443642}
  m_RootOrder: 0
--- !u!4 &434790
Transform:
  m_ObjectHideFlags: 1
  m_PrefabParentObject: {fileID: 0}
  m_PrefabInternal: {fileID: 100100000}
  m_GameObject: {fileID: 168930}
  m_LocalRotation: {x: -.0212863982, y: .00174364692, z: -.0678681955, w: .99746567}
  m_LocalPosition: {x: .0133220339, y: .0987814963, z: -.00426998828}
  m_LocalScale: {x: 1, y: 1, z: 1}
  m_Children:
  - {fileID: 401802}
  m_Father: {fileID: 458990}
  m_RootOrder: 1
--- !u!4 &435584
Transform:
  m_ObjectHideFlags: 1
  m_PrefabParentObject: {fileID: 0}
  m_PrefabInternal: {fileID: 100100000}
  m_GameObject: {fileID: 158852}
  m_LocalRotation: {x: -1.10735286e-07, y: -.00010985331, z: .00186932262, w: .999998271}
  m_LocalPosition: {x: -1.01593714e-05, y: .0371960141, z: -1.45504936e-11}
  m_LocalScale: {x: 1, y: 1, z: 1}
  m_Children: []
  m_Father: {fileID: 406144}
  m_RootOrder: 0
--- !u!4 &437312
Transform:
  m_ObjectHideFlags: 1
  m_PrefabParentObject: {fileID: 0}
  m_PrefabInternal: {fileID: 100100000}
  m_GameObject: {fileID: 130020}
  m_LocalRotation: {x: 2.36478197e-08, y: -3.18838943e-06, z: .000195279674, w: 1}
  m_LocalPosition: {x: -4.2742533e-05, y: .041343499, z: -5.72875026e-13}
  m_LocalScale: {x: 1, y: 1, z: 1}
  m_Children: []
  m_Father: {fileID: 450298}
  m_RootOrder: 0
--- !u!4 &443642
Transform:
  m_ObjectHideFlags: 1
  m_PrefabParentObject: {fileID: 0}
  m_PrefabInternal: {fileID: 100100000}
  m_GameObject: {fileID: 122814}
  m_LocalRotation: {x: .000208351208, y: .0059961793, z: -.168277726, w: .98572135}
  m_LocalPosition: {x: .00648686616, y: .0313534439, z: 1.07182166e-10}
  m_LocalScale: {x: 1, y: 1, z: 1}
  m_Children:
  - {fileID: 434658}
  m_Father: {fileID: 452670}
  m_RootOrder: 0
--- !u!4 &450020
Transform:
  m_ObjectHideFlags: 1
  m_PrefabParentObject: {fileID: 0}
  m_PrefabInternal: {fileID: 100100000}
  m_GameObject: {fileID: 106320}
  m_LocalRotation: {x: .000554413069, y: -.0265362393, z: -.999205232, w: .0297400951}
  m_LocalPosition: {x: -.202000007, y: .143000007, z: .0140000004}
  m_LocalScale: {x: 1, y: 1, z: 1}
  m_Children:
  - {fileID: 457934}
  m_Father: {fileID: 489036}
  m_RootOrder: 5
--- !u!4 &450298
Transform:
  m_ObjectHideFlags: 1
  m_PrefabParentObject: {fileID: 0}
  m_PrefabInternal: {fileID: 100100000}
  m_GameObject: {fileID: 155826}
  m_LocalRotation: {x: -2.91092192e-07, y: -2.57140764e-05, z: -.00140146923, w: .999999046}
  m_LocalPosition: {x: 7.25655627e-05, y: .043576166, z: -4.12665263e-10}
  m_LocalScale: {x: 1, y: 1, z: 1}
  m_Children:
  - {fileID: 437312}
  m_Father: {fileID: 495734}
  m_RootOrder: 0
--- !u!4 &451040
Transform:
  m_ObjectHideFlags: 1
  m_PrefabParentObject: {fileID: 0}
  m_PrefabInternal: {fileID: 100100000}
  m_GameObject: {fileID: 146786}
  m_LocalRotation: {x: 3.13447487e-07, y: -3.8397895e-05, z: .000619575905, w: .999999821}
  m_LocalPosition: {x: 1.59436513e-05, y: .041228354, z: -1.45730528e-11}
  m_LocalScale: {x: 1, y: 1, z: 1}
  m_Children: []
  m_Father: {fileID: 401802}
  m_RootOrder: 0
--- !u!4 &452670
Transform:
  m_ObjectHideFlags: 1
  m_PrefabParentObject: {fileID: 0}
  m_PrefabInternal: {fileID: 100100000}
  m_GameObject: {fileID: 169360}
  m_LocalRotation: {x: .195134804, y: .108972907, z: .417460769, w: .88078022}
  m_LocalPosition: {x: -.0318166241, y: .0231153052, z: .0074251364}
  m_LocalScale: {x: 1, y: 1, z: 1}
  m_Children:
  - {fileID: 443642}
  m_Father: {fileID: 489036}
  m_RootOrder: 4
--- !u!4 &457048
Transform:
  m_ObjectHideFlags: 1
  m_PrefabParentObject: {fileID: 0}
  m_PrefabInternal: {fileID: 100100000}
  m_GameObject: {fileID: 166830}
  m_LocalRotation: {x: -.000306118658, y: -.00363517483, z: -.0609434247, w: .998134553}
  m_LocalPosition: {x: .00560319889, y: .0383739211, z: 4.79472073e-10}
  m_LocalScale: {x: 1, y: 1, z: 1}
  m_Children: []
  m_Father: {fileID: 477118}
  m_RootOrder: 0
--- !u!4 &457420
Transform:
  m_ObjectHideFlags: 1
  m_PrefabParentObject: {fileID: 0}
  m_PrefabInternal: {fileID: 100100000}
  m_GameObject: {fileID: 156744}
  m_LocalRotation: {x: -1.05319596e-05, y: 6.2832376e-05, z: .00871466193, w: .999962032}
  m_LocalPosition: {x: -3.87454679e-10, y: .209086359, z: -5.89374716e-10}
  m_LocalScale: {x: 1, y: 1, z: 1}
  m_Children:
  - {fileID: 489036}
  m_Father: {fileID: 422834}
  m_RootOrder: 0
--- !u!4 &457934
Transform:
  m_ObjectHideFlags: 1
  m_PrefabParentObject: {fileID: 0}
  m_PrefabInternal: {fileID: 100100000}
  m_GameObject: {fileID: 149566}
  m_LocalRotation: {x: 0, y: 0, z: 0, w: 1}
  m_LocalPosition: {x: .842209995, y: .0924500003, z: .00834000017}
  m_LocalScale: {x: 1, y: 1, z: 1}
  m_Children: []
  m_Father: {fileID: 450020}
  m_RootOrder: 0
--- !u!4 &458990
Transform:
  m_ObjectHideFlags: 1
  m_PrefabParentObject: {fileID: 0}
  m_PrefabInternal: {fileID: 100100000}
  m_GameObject: {fileID: 151180}
  m_LocalRotation: {x: .0199307501, y: -.0218695085, z: .0673755929, w: .997288883}
  m_LocalPosition: {x: -3.54526512e-11, y: .180867165, z: 1.1571721e-11}
  m_LocalScale: {x: 1, y: 1, z: 1}
  m_Children:
  - {fileID: 495788}
  - {fileID: 434790}
  - {fileID: 488962}
  - {fileID: 489778}
  - {fileID: 411556}
  m_Father: {fileID: 492520}
  m_RootOrder: 0
--- !u!4 &461004
Transform:
  m_ObjectHideFlags: 1
  m_PrefabParentObject: {fileID: 0}
  m_PrefabInternal: {fileID: 100100000}
  m_GameObject: {fileID: 177918}
  m_LocalRotation: {x: 0, y: 0, z: 0, w: 1}
  m_LocalPosition: {x: 0, y: 0, z: -0}
  m_LocalScale: {x: 1, y: 1, z: 1}
  m_Children:
  - {fileID: 416952}
  - {fileID: 492106}
  m_Father: {fileID: 429682}
  m_RootOrder: 0
--- !u!4 &461430
Transform:
  m_ObjectHideFlags: 1
  m_PrefabParentObject: {fileID: 0}
  m_PrefabInternal: {fileID: 100100000}
  m_GameObject: {fileID: 116280}
  m_LocalRotation: {x: 0, y: 0, z: 0, w: 1}
  m_LocalPosition: {x: -0, y: .0960758403, z: -1.30591357e-10}
  m_LocalScale: {x: 1, y: 1, z: 1}
  m_Children:
  - {fileID: 412392}
  - {fileID: 419534}
  - {fileID: 423622}
  m_Father: {fileID: 427208}
  m_RootOrder: 0
--- !u!4 &462022
Transform:
  m_ObjectHideFlags: 1
  m_PrefabParentObject: {fileID: 0}
  m_PrefabInternal: {fileID: 100100000}
  m_GameObject: {fileID: 142148}
  m_LocalRotation: {x: -2.25960548e-07, y: -4.23124438e-05, z: -.00127007102, w: .999999225}
  m_LocalPosition: {x: 8.03120784e-05, y: .0395418368, z: -8.37269767e-11}
  m_LocalScale: {x: 1, y: 1, z: 1}
  m_Children:
  - {fileID: 494304}
  m_Father: {fileID: 467546}
  m_RootOrder: 0
--- !u!4 &462364
Transform:
  m_ObjectHideFlags: 1
  m_PrefabParentObject: {fileID: 0}
  m_PrefabInternal: {fileID: 100100000}
  m_GameObject: {fileID: 110368}
  m_LocalRotation: {x: -.00187860895, y: -.00753268413, z: .9999699, w: -1.50835212e-05}
  m_LocalPosition: {x: .0614750162, y: -.0399425477, z: .000208365906}
  m_LocalScale: {x: 1, y: 1, z: 1}
  m_Children:
  - {fileID: 467894}
  m_Father: {fileID: 400202}
  m_RootOrder: 1
--- !u!4 &462784
Transform:
  m_ObjectHideFlags: 1
  m_PrefabParentObject: {fileID: 0}
  m_PrefabInternal: {fileID: 100100000}
  m_GameObject: {fileID: 165414}
  m_LocalRotation: {x: 0, y: 0, z: 0, w: 1}
  m_LocalPosition: {x: 5.29527642e-05, y: -.00029150513, z: .00329428306}
  m_LocalScale: {x: 1, y: 1, z: 1}
  m_Children: []
  m_Father: {fileID: 492106}
  m_RootOrder: 3
--- !u!4 &463006
Transform:
  m_ObjectHideFlags: 1
  m_PrefabParentObject: {fileID: 0}
  m_PrefabInternal: {fileID: 100100000}
  m_GameObject: {fileID: 148004}
  m_LocalRotation: {x: .298765361, y: -.0195236746, z: .00611356553, w: .954107344}
  m_LocalPosition: {x: -3.26834726e-10, y: .126421899, z: 2.72513967e-09}
  m_LocalScale: {x: 1, y: 1, z: 1}
  m_Children: []
  m_Father: {fileID: 423032}
  m_RootOrder: 0
--- !u!4 &464796
Transform:
  m_ObjectHideFlags: 1
  m_PrefabParentObject: {fileID: 0}
  m_PrefabInternal: {fileID: 100100000}
  m_GameObject: {fileID: 184346}
  m_LocalRotation: {x: .0017989676, y: -.00531861605, z: .999984264, w: -1.00062471e-05}
  m_LocalPosition: {x: -.0614750162, y: -.0399425477, z: -.00118659134}
  m_LocalScale: {x: 1, y: 1, z: 1}
  m_Children:
  - {fileID: 487968}
  m_Father: {fileID: 400202}
  m_RootOrder: 0
--- !u!4 &465636
Transform:
  m_ObjectHideFlags: 1
  m_PrefabParentObject: {fileID: 0}
  m_PrefabInternal: {fileID: 100100000}
  m_GameObject: {fileID: 187858}
  m_LocalRotation: {x: -3.73834382e-07, y: .000108495653, z: -.00131404505, w: .999999166}
  m_LocalPosition: {x: 5.28831924e-06, y: .0357591584, z: 8.82941636e-11}
  m_LocalScale: {x: 1, y: 1, z: 1}
  m_Children: []
  m_Father: {fileID: 425966}
  m_RootOrder: 0
--- !u!4 &467546
Transform:
  m_ObjectHideFlags: 1
  m_PrefabParentObject: {fileID: 0}
  m_PrefabInternal: {fileID: 100100000}
  m_GameObject: {fileID: 147322}
  m_LocalRotation: {x: -.0185381249, y: -.00316465739, z: .0711352229, w: .997289419}
  m_LocalPosition: {x: .0157652888, y: .101345964, z: -.00379588315}
  m_LocalScale: {x: 1, y: 1, z: 1}
  m_Children:
  - {fileID: 462022}
  m_Father: {fileID: 489036}
  m_RootOrder: 3
--- !u!4 &467894
Transform:
  m_ObjectHideFlags: 1
  m_PrefabParentObject: {fileID: 0}
  m_PrefabInternal: {fileID: 100100000}
  m_GameObject: {fileID: 119110}
  m_LocalRotation: {x: -.0180266276, y: -.00440388545, z: -3.44773398e-05, w: .999827862}
  m_LocalPosition: {x: -1.04150286e-10, y: .29635796, z: 1.57416205e-10}
  m_LocalScale: {x: 1, y: 1, z: 1}
  m_Children:
  - {fileID: 423032}
  m_Father: {fileID: 462364}
  m_RootOrder: 0
--- !u!4 &469050
Transform:
  m_ObjectHideFlags: 1
  m_PrefabParentObject: {fileID: 0}
  m_PrefabInternal: {fileID: 100100000}
  m_GameObject: {fileID: 159312}
  m_LocalRotation: {x: .490873873, y: -.0356043093, z: -.0120820515, w: .870419025}
  m_LocalPosition: {x: -1.0236697e-09, y: .277894229, z: 1.03619946e-09}
  m_LocalScale: {x: 1, y: 1, z: 1}
  m_Children:
  - {fileID: 485768}
  m_Father: {fileID: 487968}
  m_RootOrder: 0
--- !u!4 &470428
Transform:
  m_ObjectHideFlags: 1
  m_PrefabParentObject: {fileID: 0}
  m_PrefabInternal: {fileID: 100100000}
  m_GameObject: {fileID: 178068}
  m_LocalRotation: {x: 0, y: 0, z: 0, w: 1}
  m_LocalPosition: {x: 5.29527642e-05, y: .000638216501, z: .0119274128}
  m_LocalScale: {x: 1, y: 1, z: 1}
  m_Children: []
  m_Father: {fileID: 492106}
  m_RootOrder: 4
--- !u!4 &471168
Transform:
  m_ObjectHideFlags: 1
  m_PrefabParentObject: {fileID: 0}
  m_PrefabInternal: {fileID: 100100000}
  m_GameObject: {fileID: 156186}
  m_LocalRotation: {x: -.0188259203, y: .000988772605, z: .0710816979, w: .99729234}
  m_LocalPosition: {x: -.0418595485, y: .0975301713, z: -.00272123399}
  m_LocalScale: {x: 1, y: 1, z: 1}
  m_Children:
  - {fileID: 425966}
  m_Father: {fileID: 489036}
  m_RootOrder: 0
--- !u!4 &474636
Transform:
  m_ObjectHideFlags: 1
  m_PrefabParentObject: {fileID: 0}
  m_PrefabInternal: {fileID: 100100000}
  m_GameObject: {fileID: 198986}
  m_LocalRotation: {x: 0, y: 0, z: 0, w: 1}
  m_LocalPosition: {x: 5.29527642e-05, y: -.00029150513, z: .00329428306}
  m_LocalScale: {x: 1, y: 1, z: 1}
  m_Children: []
  m_Father: {fileID: 492106}
  m_RootOrder: 2
--- !u!4 &476922
Transform:
  m_ObjectHideFlags: 1
  m_PrefabParentObject: {fileID: 0}
  m_PrefabInternal: {fileID: 100100000}
  m_GameObject: {fileID: 130704}
  m_LocalRotation: {x: 0, y: 0, z: 0, w: 1}
  m_LocalPosition: {x: 5.29527642e-05, y: .000231765822, z: .00329428306}
  m_LocalScale: {x: 1, y: 1, z: 1}
  m_Children: []
  m_Father: {fileID: 492106}
  m_RootOrder: 0
--- !u!4 &477118
Transform:
  m_ObjectHideFlags: 1
  m_PrefabParentObject: {fileID: 0}
  m_PrefabInternal: {fileID: 100100000}
  m_GameObject: {fileID: 166006}
  m_LocalRotation: {x: .000139440788, y: -.00487338053, z: .172615036, w: .984977305}
  m_LocalPosition: {x: -.00638862792, y: .0311372969, z: 3.0424549e-10}
  m_LocalScale: {x: 1, y: 1, z: 1}
  m_Children:
  - {fileID: 457048}
  m_Father: {fileID: 411556}
  m_RootOrder: 0
--- !u!4 &478368
Transform:
  m_ObjectHideFlags: 1
  m_PrefabParentObject: {fileID: 0}
  m_PrefabInternal: {fileID: 100100000}
  m_GameObject: {fileID: 101928}
  m_LocalRotation: {x: -4.15144825e-07, y: 2.72997768e-05, z: .000524133444, w: .999999881}
  m_LocalPosition: {x: -4.80729686e-05, y: .0381608382, z: 6.91874058e-10}
  m_LocalScale: {x: 1, y: 1, z: 1}
  m_Children:
  - {fileID: 489362}
  m_Father: {fileID: 495788}
  m_RootOrder: 0
--- !u!4 &481682
Transform:
  m_ObjectHideFlags: 1
  m_PrefabParentObject: {fileID: 0}
  m_PrefabInternal: {fileID: 100100000}
  m_GameObject: {fileID: 138094}
  m_LocalRotation: {x: 0, y: 0, z: 0, w: 1}
  m_LocalPosition: {x: 5.29527642e-05, y: .000638216501, z: .0118998978}
  m_LocalScale: {x: 1, y: 1, z: 1}
  m_Children: []
  m_Father: {fileID: 492106}
  m_RootOrder: 5
--- !u!4 &481908
Transform:
  m_ObjectHideFlags: 1
  m_PrefabParentObject: {fileID: 0}
  m_PrefabInternal: {fileID: 100100000}
  m_GameObject: {fileID: 189146}
  m_LocalRotation: {x: 0, y: 0, z: 0, w: 1}
  m_LocalPosition: {x: 5.29527642e-05, y: -.00029150513, z: .00329428306}
  m_LocalScale: {x: 1, y: 1, z: 1}
  m_Children: []
  m_Father: {fileID: 492106}
  m_RootOrder: 1
--- !u!4 &485768
Transform:
  m_ObjectHideFlags: 1
  m_PrefabParentObject: {fileID: 0}
  m_PrefabInternal: {fileID: 100100000}
  m_GameObject: {fileID: 165620}
  m_LocalRotation: {x: .292872906, y: .0192274451, z: -.00589074474, w: .955939889}
  m_LocalPosition: {x: 7.65682587e-11, y: .128719911, z: 2.78555401e-10}
  m_LocalScale: {x: 1, y: 1, z: 1}
  m_Children: []
  m_Father: {fileID: 469050}
  m_RootOrder: 0
--- !u!4 &487968
Transform:
  m_ObjectHideFlags: 1
  m_PrefabParentObject: {fileID: 0}
  m_PrefabInternal: {fileID: 100100000}
  m_GameObject: {fileID: 114990}
  m_LocalRotation: {x: -.020118041, y: .00258521899, z: 1.98060079e-05, w: .999794304}
  m_LocalPosition: {x: 5.47374424e-10, y: .296344221, z: -1.05588975e-10}
  m_LocalScale: {x: 1, y: 1, z: 1}
  m_Children:
  - {fileID: 469050}
  m_Father: {fileID: 464796}
  m_RootOrder: 0
--- !u!4 &488242
Transform:
  m_ObjectHideFlags: 1
  m_PrefabParentObject: {fileID: 0}
  m_PrefabInternal: {fileID: 100100000}
  m_GameObject: {fileID: 119914}
  m_LocalRotation: {x: -.0245894678, y: -1.90394346e-07, z: 3.52228199e-06, w: .999697626}
  m_LocalPosition: {x: -0, y: .0719697922, z: -.00354260555}
  m_LocalScale: {x: 1, y: 1, z: 1}
  m_Children:
  - {fileID: 427208}
  m_Father: {fileID: 400202}
  m_RootOrder: 2
--- !u!4 &488962
Transform:
  m_ObjectHideFlags: 1
  m_PrefabParentObject: {fileID: 0}
  m_PrefabInternal: {fileID: 100100000}
  m_GameObject: {fileID: 100914}
  m_LocalRotation: {x: -.0210362859, y: .00550756883, z: -.0678362101, w: .997459471}
  m_LocalPosition: {x: -.0409625396, y: .0977787673, z: -.00230616424}
  m_LocalScale: {x: 1, y: 1, z: 1}
  m_Children:
  - {fileID: 433956}
  m_Father: {fileID: 458990}
  m_RootOrder: 2
--- !u!4 &489036
Transform:
  m_ObjectHideFlags: 1
  m_PrefabParentObject: {fileID: 0}
  m_PrefabInternal: {fileID: 100100000}
  m_GameObject: {fileID: 128820}
  m_LocalRotation: {x: .0172033925, y: .0220730435, z: -.0704649687, w: .997121632}
  m_LocalPosition: {x: -1.76306296e-11, y: .180861652, z: -1.68620312e-10}
  m_LocalScale: {x: 1, y: 1, z: 1}
  m_Children:
  - {fileID: 471168}
  - {fileID: 495734}
  - {fileID: 496308}
  - {fileID: 467546}
  - {fileID: 452670}
  - {fileID: 450020}
  m_Father: {fileID: 457420}
  m_RootOrder: 0
--- !u!4 &489362
Transform:
  m_ObjectHideFlags: 1
  m_PrefabParentObject: {fileID: 0}
  m_PrefabInternal: {fileID: 100100000}
  m_GameObject: {fileID: 125694}
  m_LocalRotation: {x: -3.76271771e-07, y: -4.11432884e-05, z: .000651836512, w: .999999821}
  m_LocalPosition: {x: 2.69075514e-07, y: .0356258713, z: 1.10197532e-10}
  m_LocalScale: {x: 1, y: 1, z: 1}
  m_Children: []
  m_Father: {fileID: 478368}
  m_RootOrder: 0
--- !u!4 &489778
Transform:
  m_ObjectHideFlags: 1
  m_PrefabParentObject: {fileID: 0}
  m_PrefabInternal: {fileID: 100100000}
  m_GameObject: {fileID: 146466}
  m_LocalRotation: {x: -.0212087799, y: .00291160122, z: -.0679740459, w: .997457445}
  m_LocalPosition: {x: -.0151836956, y: .102596454, z: -.0037081698}
  m_LocalScale: {x: 1, y: 1, z: 1}
  m_Children:
  - {fileID: 406144}
  m_Father: {fileID: 458990}
  m_RootOrder: 3
--- !u!4 &492106
Transform:
  m_ObjectHideFlags: 1
  m_PrefabParentObject: {fileID: 0}
  m_PrefabInternal: {fileID: 100100000}
  m_GameObject: {fileID: 134034}
  m_LocalRotation: {x: 0, y: 0, z: 0, w: 1}
  m_LocalPosition: {x: 0, y: 0, z: 0}
  m_LocalScale: {x: 1, y: 1, z: 1}
  m_Children:
  - {fileID: 476922}
  - {fileID: 481908}
  - {fileID: 474636}
  - {fileID: 462784}
  - {fileID: 470428}
  - {fileID: 481682}
  m_Father: {fileID: 461004}
  m_RootOrder: 1
--- !u!4 &492520
Transform:
  m_ObjectHideFlags: 1
  m_PrefabParentObject: {fileID: 0}
  m_PrefabInternal: {fileID: 100100000}
  m_GameObject: {fileID: 104200}
  m_LocalRotation: {x: -1.54216559e-05, y: .000138856267, z: -.00871489476, w: .999962032}
  m_LocalPosition: {x: 3.20310056e-10, y: .209118024, z: -6.17937312e-10}
  m_LocalScale: {x: 1, y: 1, z: 1}
  m_Children:
  - {fileID: 458990}
  m_Father: {fileID: 415868}
  m_RootOrder: 0
--- !u!4 &494304
Transform:
  m_ObjectHideFlags: 1
  m_PrefabParentObject: {fileID: 0}
  m_PrefabInternal: {fileID: 100100000}
  m_GameObject: {fileID: 155024}
  m_LocalRotation: {x: 4.34255668e-07, y: 4.60837364e-05, z: -.00069999753, w: .999999762}
  m_LocalPosition: {x: -1.56893529e-05, y: .0386868753, z: -6.61355389e-12}
  m_LocalScale: {x: 1, y: 1, z: 1}
  m_Children: []
  m_Father: {fileID: 462022}
  m_RootOrder: 0
--- !u!4 &495544
Transform:
  m_ObjectHideFlags: 1
  m_PrefabParentObject: {fileID: 0}
  m_PrefabInternal: {fileID: 100100000}
  m_GameObject: {fileID: 107708}
  m_LocalRotation: {x: 0, y: 0, z: 0, w: 1}
  m_LocalPosition: {x: -0, y: .0606687516, z: -.00203379965}
  m_LocalScale: {x: 1, y: 1, z: 1}
  m_Children:
  - {fileID: 412464}
  - {fileID: 400936}
  - {fileID: 401270}
  m_Father: {fileID: 419534}
  m_RootOrder: 0
--- !u!4 &495734
Transform:
  m_ObjectHideFlags: 1
  m_PrefabParentObject: {fileID: 0}
  m_PrefabInternal: {fileID: 100100000}
  m_GameObject: {fileID: 196240}
  m_LocalRotation: {x: -.0184723716, y: -.00410993863, z: .0710589737, w: .997292578}
  m_LocalPosition: {x: -.013815009, y: .0978307053, z: -.00369262532}
  m_LocalScale: {x: 1, y: 1, z: 1}
  m_Children:
  - {fileID: 450298}
  m_Father: {fileID: 489036}
  m_RootOrder: 1
--- !u!4 &495788
Transform:
  m_ObjectHideFlags: 1
  m_PrefabParentObject: {fileID: 0}
  m_PrefabInternal: {fileID: 100100000}
  m_GameObject: {fileID: 182276}
  m_LocalRotation: {x: -.0214975495, y: -.00143589254, z: -.0674146935, w: .997492433}
  m_LocalPosition: {x: .042824205, y: .0967396647, z: -.00224360242}
  m_LocalScale: {x: 1, y: 1, z: 1}
  m_Children:
  - {fileID: 478368}
  m_Father: {fileID: 458990}
  m_RootOrder: 0
--- !u!4 &496308
Transform:
  m_ObjectHideFlags: 1
  m_PrefabParentObject: {fileID: 0}
  m_PrefabInternal: {fileID: 100100000}
  m_GameObject: {fileID: 185738}
  m_LocalRotation: {x: -.0181596987, y: -.00859670434, z: .0710160583, w: .997272789}
  m_LocalPosition: {x: .0399092697, y: .0963525251, z: -.00259586982}
  m_LocalScale: {x: 1, y: 1, z: 1}
  m_Children:
  - {fileID: 496626}
  m_Father: {fileID: 489036}
  m_RootOrder: 2
--- !u!4 &496626
Transform:
  m_ObjectHideFlags: 1
  m_PrefabParentObject: {fileID: 0}
  m_PrefabInternal: {fileID: 100100000}
  m_GameObject: {fileID: 191580}
  m_LocalRotation: {x: 3.55556296e-07, y: 1.10698647e-05, z: -.00176194299, w: .99999845}
  m_LocalPosition: {x: 6.46579647e-05, y: .0378657207, z: 5.23458055e-10}
  m_LocalScale: {x: 1, y: 1, z: 1}
  m_Children:
  - {fileID: 400262}
  m_Father: {fileID: 496308}
  m_RootOrder: 0
--- !u!23 &2366690
MeshRenderer:
  m_ObjectHideFlags: 1
  m_PrefabParentObject: {fileID: 0}
  m_PrefabInternal: {fileID: 100100000}
  m_GameObject: {fileID: 106320}
  m_Enabled: 1
  m_CastShadows: 0
  m_ReceiveShadows: 1
  m_Materials:
  - {fileID: 2100000, guid: a7ab8f5b0307c954a9337e7b02886597, type: 2}
  m_SubsetIndices: 
  m_StaticBatchRoot: {fileID: 0}
  m_UseLightProbes: 1
  m_ReflectionProbeUsage: 1
  m_ProbeAnchor: {fileID: 0}
  m_ScaleInLightmap: 1
  m_PreserveUVs: 0
  m_IgnoreNormalsForChartDetection: 0
  m_ImportantGI: 0
  m_MinimumChartSize: 4
  m_AutoUVMaxDistance: .5
  m_AutoUVMaxAngle: 89
  m_LightmapParameters: {fileID: 0}
  m_SortingLayerID: 0
  m_SortingOrder: 0
--- !u!33 &3374272
MeshFilter:
  m_ObjectHideFlags: 1
  m_PrefabParentObject: {fileID: 0}
  m_PrefabInternal: {fileID: 100100000}
  m_GameObject: {fileID: 106320}
  m_Mesh: {fileID: 4300000, guid: e7f7a9d0324f1f645ba39c0ecd78abff, type: 3}
--- !u!54 &5452970
Rigidbody:
  m_ObjectHideFlags: 1
  m_PrefabParentObject: {fileID: 0}
  m_PrefabInternal: {fileID: 100100000}
  m_GameObject: {fileID: 191780}
  serializedVersion: 2
  m_Mass: 1
  m_Drag: 0
  m_AngularDrag: .0500000007
  m_UseGravity: 1
  m_IsKinematic: 1
  m_Interpolate: 0
  m_Constraints: 0
  m_CollisionDetection: 0
--- !u!95 &9543946
Animator:
  serializedVersion: 3
  m_ObjectHideFlags: 1
  m_PrefabParentObject: {fileID: 0}
  m_PrefabInternal: {fileID: 100100000}
  m_GameObject: {fileID: 106320}
  m_Enabled: 1
  m_Avatar: {fileID: 9000000, guid: e7f7a9d0324f1f645ba39c0ecd78abff, type: 3}
  m_Controller: {fileID: 0}
  m_CullingMode: 0
  m_UpdateMode: 0
  m_ApplyRootMotion: 0
  m_LinearVelocityBlending: 0
  m_WarningMessage: 
  m_HasTransformHierarchy: 1
  m_AllowConstantClipSamplingOptimization: 1
--- !u!95 &9595286
Animator:
  serializedVersion: 3
  m_ObjectHideFlags: 1
  m_PrefabParentObject: {fileID: 0}
  m_PrefabInternal: {fileID: 100100000}
  m_GameObject: {fileID: 177918}
  m_Enabled: 1
  m_Avatar: {fileID: 9000000, guid: 556f2abb22f9cce4c9788b5ee3f2f273, type: 3}
  m_Controller: {fileID: 9100000, guid: 3d2d1d47c67cc1b4d99d1a1e258df4cb, type: 2}
  m_CullingMode: 1
  m_UpdateMode: 0
  m_ApplyRootMotion: 0
  m_LinearVelocityBlending: 0
  m_WarningMessage: "\nBinding warning: Some transforms are animated by both a Humanoid
    animation clip and a Generic animation clip. Only the Humanoid clip will be applied
    on those transforms.\n\tTransform 'Bind_LeftToeBase'\n\tTransform 'Bind_RightFoot'\n\tTransform
    'Bind_LeftFoot'\n\tTransform 'Bind_RightUpLeg'\n\tTransform 'Bind_RightToeBase'\n\tTransform
    'Bind_RightLeg'\n\tTransform 'Bind_LeftUpLeg'\n\tTransform 'Bind_LeftLeg'\n\tTransform
    'Bind_LeftToeBase'\n\tTransform 'Bind_RightFoot'\n\tand more ...\n\tFrom animation
    clip 'MainIdle'"
  m_HasTransformHierarchy: 1
  m_AllowConstantClipSamplingOptimization: 1
--- !u!114 &11484444
MonoBehaviour:
  m_ObjectHideFlags: 1
  m_PrefabParentObject: {fileID: 0}
  m_PrefabInternal: {fileID: 100100000}
  m_GameObject: {fileID: 191780}
  m_Enabled: 1
  m_EditorHideFlags: 0
  m_Script: {fileID: 11500000, guid: 9c3fbcdf16e136e4097a120e9bac606e, type: 3}
  m_Name: 
  m_EditorClassIdentifier: 
  _monsterName: Monsieur Monstre
--- !u!114 &11494318
MonoBehaviour:
  m_ObjectHideFlags: 1
  m_PrefabParentObject: {fileID: 0}
  m_PrefabInternal: {fileID: 100100000}
  m_GameObject: {fileID: 191780}
  m_Enabled: 1
  m_EditorHideFlags: 0
  m_Script: {fileID: 11500000, guid: 23d5a411556f17349893ffe269d6d6a2, type: 3}
  m_Name: 
  m_EditorClassIdentifier: 
  _maxHealthPoints: 100
  _currentHealth: 100
  _damageRegions:
  - Collider: {fileID: 0}
    Value: Infinity
  - Collider: {fileID: 0}
    Value: 2
  - Collider: {fileID: 0}
    Value: .5
  - Collider: {fileID: 0}
    Value: .5
  - Collider: {fileID: 0}
    Value: .25
  - Collider: {fileID: 0}
    Value: .25
--- !u!136 &13664168
CapsuleCollider:
  m_ObjectHideFlags: 1
  m_PrefabParentObject: {fileID: 0}
  m_PrefabInternal: {fileID: 100100000}
  m_GameObject: {fileID: 191780}
  m_Material: {fileID: 0}
  m_IsTrigger: 0
  m_Enabled: 1
  m_Radius: .125
  m_Height: 1.29999995
  m_Direction: 1
  m_Center: {x: 0, y: .649999976, z: 0}
--- !u!137 &13707664
SkinnedMeshRenderer:
  m_ObjectHideFlags: 1
  m_PrefabParentObject: {fileID: 0}
  m_PrefabInternal: {fileID: 100100000}
  m_GameObject: {fileID: 189146}
  m_Enabled: 1
  m_CastShadows: 1
  m_ReceiveShadows: 1
  m_Materials:
  - {fileID: 2100000, guid: df86f8d3c7d416643bf8cd82847b02cd, type: 2}
  m_SubsetIndices: 
  m_StaticBatchRoot: {fileID: 0}
  m_UseLightProbes: 1
  m_ReflectionProbeUsage: 1
  m_ProbeAnchor: {fileID: 0}
  m_ScaleInLightmap: 1
  m_PreserveUVs: 0
  m_IgnoreNormalsForChartDetection: 0
  m_ImportantGI: 0
  m_MinimumChartSize: 4
  m_AutoUVMaxDistance: .5
  m_AutoUVMaxAngle: 89
  m_LightmapParameters: {fileID: 0}
  m_SortingLayerID: 0
  m_SortingOrder: 0
  serializedVersion: 2
  m_Quality: 0
  m_UpdateWhenOffscreen: 0
  m_Mesh: {fileID: 4300006, guid: 556f2abb22f9cce4c9788b5ee3f2f273, type: 3}
  m_Bones:
  - {fileID: 495544}
  - {fileID: 419534}
  - {fileID: 461430}
  m_BlendShapeWeights: []
  m_RootBone: {fileID: 461430}
  m_AABB:
    m_Center: {x: 0, y: .203682512, z: .0939853787}
    m_Extent: {x: .0228599422, y: .0157480389, z: .0313252509}
  m_DirtyAABB: 0
--- !u!137 &13710970
SkinnedMeshRenderer:
  m_ObjectHideFlags: 1
  m_PrefabParentObject: {fileID: 0}
  m_PrefabInternal: {fileID: 100100000}
  m_GameObject: {fileID: 165414}
  m_Enabled: 1
  m_CastShadows: 1
  m_ReceiveShadows: 1
  m_Materials:
  - {fileID: 2100000, guid: 2d4ccb0b8105edc4d9bb775f5b54cc12, type: 2}
  - {fileID: 2100000, guid: df86f8d3c7d416643bf8cd82847b02cd, type: 2}
  - {fileID: 2100000, guid: 604281ab676500b46ad46e88871a428f, type: 2}
  m_SubsetIndices: 
  m_StaticBatchRoot: {fileID: 0}
  m_UseLightProbes: 1
  m_ReflectionProbeUsage: 1
  m_ProbeAnchor: {fileID: 0}
  m_ScaleInLightmap: 1
  m_PreserveUVs: 0
  m_IgnoreNormalsForChartDetection: 0
  m_ImportantGI: 0
  m_MinimumChartSize: 4
  m_AutoUVMaxDistance: .5
  m_AutoUVMaxAngle: 89
  m_LightmapParameters: {fileID: 0}
  m_SortingLayerID: 0
  m_SortingOrder: 0
  serializedVersion: 2
  m_Quality: 0
  m_UpdateWhenOffscreen: 0
  m_Mesh: {fileID: 4300002, guid: 556f2abb22f9cce4c9788b5ee3f2f273, type: 3}
  m_Bones:
  - {fileID: 461430}
  - {fileID: 488242}
  - {fileID: 427208}
  - {fileID: 400202}
  - {fileID: 462364}
  - {fileID: 464796}
  - {fileID: 419534}
  - {fileID: 423622}
  - {fileID: 422834}
  - {fileID: 457420}
  - {fileID: 495544}
  - {fileID: 412392}
  - {fileID: 415868}
  - {fileID: 492520}
  - {fileID: 467894}
  - {fileID: 423032}
  - {fileID: 463006}
  - {fileID: 487968}
  - {fileID: 469050}
  - {fileID: 485768}
  m_BlendShapeWeights: []
  m_RootBone: {fileID: 400202}
  m_AABB:
    m_Center: {x: .000132620335, y: -.188542217, z: .0285938829}
    m_Extent: {x: .260213792, y: .600777388, z: .20387201}
  m_DirtyAABB: 0
--- !u!137 &13730550
SkinnedMeshRenderer:
  m_ObjectHideFlags: 1
  m_PrefabParentObject: {fileID: 0}
  m_PrefabInternal: {fileID: 100100000}
  m_GameObject: {fileID: 198986}
  m_Enabled: 1
  m_CastShadows: 1
  m_ReceiveShadows: 1
  m_Materials:
  - {fileID: 2100000, guid: df86f8d3c7d416643bf8cd82847b02cd, type: 2}
  m_SubsetIndices: 
  m_StaticBatchRoot: {fileID: 0}
  m_UseLightProbes: 1
  m_ReflectionProbeUsage: 1
  m_ProbeAnchor: {fileID: 0}
  m_ScaleInLightmap: 1
  m_PreserveUVs: 0
  m_IgnoreNormalsForChartDetection: 0
  m_ImportantGI: 0
  m_MinimumChartSize: 4
  m_AutoUVMaxDistance: .5
  m_AutoUVMaxAngle: 89
  m_LightmapParameters: {fileID: 0}
  m_SortingLayerID: 0
  m_SortingOrder: 0
  serializedVersion: 2
  m_Quality: 0
  m_UpdateWhenOffscreen: 0
  m_Mesh: {fileID: 4300000, guid: 556f2abb22f9cce4c9788b5ee3f2f273, type: 3}
  m_Bones:
  - {fileID: 461430}
  - {fileID: 419534}
  - {fileID: 495544}
  - {fileID: 400202}
  - {fileID: 464796}
  - {fileID: 462364}
  - {fileID: 488242}
  - {fileID: 427208}
  - {fileID: 487968}
  - {fileID: 469050}
  - {fileID: 485768}
  - {fileID: 412392}
  - {fileID: 415868}
  - {fileID: 492520}
  - {fileID: 458990}
  - {fileID: 411556}
  - {fileID: 489778}
  - {fileID: 488962}
  - {fileID: 434790}
  - {fileID: 495788}
  - {fileID: 477118}
  - {fileID: 457048}
  - {fileID: 433956}
  - {fileID: 478368}
  - {fileID: 489362}
  - {fileID: 401802}
  - {fileID: 451040}
  - {fileID: 406144}
  - {fileID: 435584}
  - {fileID: 429288}
  - {fileID: 423032}
  - {fileID: 467894}
  - {fileID: 463006}
  - {fileID: 423622}
  - {fileID: 422834}
  - {fileID: 457420}
  - {fileID: 489036}
  - {fileID: 495734}
  - {fileID: 452670}
  - {fileID: 496308}
  - {fileID: 467546}
  - {fileID: 496626}
  - {fileID: 471168}
  - {fileID: 425966}
  - {fileID: 443642}
  - {fileID: 434658}
  - {fileID: 465636}
  - {fileID: 437312}
  - {fileID: 450298}
  - {fileID: 462022}
  - {fileID: 494304}
  - {fileID: 400262}
  m_BlendShapeWeights: []
  m_RootBone: {fileID: 400202}
  m_AABB:
    m_Center: {x: -6.7293644e-05, y: -.0109217763, z: -.00242012739}
    m_Extent: {x: .74552983, y: .679893792, z: .141802102}
  m_DirtyAABB: 0
--- !u!137 &13730738
SkinnedMeshRenderer:
  m_ObjectHideFlags: 1
  m_PrefabParentObject: {fileID: 0}
  m_PrefabInternal: {fileID: 100100000}
  m_GameObject: {fileID: 178068}
  m_Enabled: 1
  m_CastShadows: 1
  m_ReceiveShadows: 1
  m_Materials:
  - {fileID: 2100000, guid: df86f8d3c7d416643bf8cd82847b02cd, type: 2}
  m_SubsetIndices: 
  m_StaticBatchRoot: {fileID: 0}
  m_UseLightProbes: 1
  m_ReflectionProbeUsage: 1
  m_ProbeAnchor: {fileID: 0}
  m_ScaleInLightmap: 1
  m_PreserveUVs: 0
  m_IgnoreNormalsForChartDetection: 0
  m_ImportantGI: 0
  m_MinimumChartSize: 4
  m_AutoUVMaxDistance: .5
  m_AutoUVMaxAngle: 89
  m_LightmapParameters: {fileID: 0}
  m_SortingLayerID: 0
  m_SortingOrder: 0
  serializedVersion: 2
  m_Quality: 0
  m_UpdateWhenOffscreen: 0
  m_Mesh: {fileID: 4300008, guid: 556f2abb22f9cce4c9788b5ee3f2f273, type: 3}
  m_Bones:
  - {fileID: 419534}
  - {fileID: 495544}
  - {fileID: 412464}
  - {fileID: 400936}
  - {fileID: 401270}
  m_BlendShapeWeights: []
  m_RootBone: {fileID: 419534}
  m_AABB:
    m_Center: {x: .0449219942, y: .181760967, z: .0795471221}
    m_Extent: {x: .0284147486, y: .0284225345, z: .0284224153}
  m_DirtyAABB: 0
--- !u!137 &13774460
SkinnedMeshRenderer:
  m_ObjectHideFlags: 1
  m_PrefabParentObject: {fileID: 0}
  m_PrefabInternal: {fileID: 100100000}
  m_GameObject: {fileID: 138094}
  m_Enabled: 1
  m_CastShadows: 1
  m_ReceiveShadows: 1
  m_Materials:
  - {fileID: 2100000, guid: df86f8d3c7d416643bf8cd82847b02cd, type: 2}
  m_SubsetIndices: 
  m_StaticBatchRoot: {fileID: 0}
  m_UseLightProbes: 1
  m_ReflectionProbeUsage: 1
  m_ProbeAnchor: {fileID: 0}
  m_ScaleInLightmap: 1
  m_PreserveUVs: 0
  m_IgnoreNormalsForChartDetection: 0
  m_ImportantGI: 0
  m_MinimumChartSize: 4
  m_AutoUVMaxDistance: .5
  m_AutoUVMaxAngle: 89
  m_LightmapParameters: {fileID: 0}
  m_SortingLayerID: 0
  m_SortingOrder: 0
  serializedVersion: 2
  m_Quality: 0
  m_UpdateWhenOffscreen: 0
  m_Mesh: {fileID: 4300010, guid: 556f2abb22f9cce4c9788b5ee3f2f273, type: 3}
  m_Bones:
  - {fileID: 419534}
  - {fileID: 495544}
  - {fileID: 412464}
  - {fileID: 400936}
  - {fileID: 401270}
  m_BlendShapeWeights: []
  m_RootBone: {fileID: 419534}
  m_AABB:
    m_Center: {x: -.0449235886, y: .181760848, z: .0795196071}
    m_Extent: {x: .028409481, y: .0284225345, z: .0284224153}
  m_DirtyAABB: 0
--- !u!137 &13788926
SkinnedMeshRenderer:
  m_ObjectHideFlags: 1
  m_PrefabParentObject: {fileID: 0}
  m_PrefabInternal: {fileID: 100100000}
  m_GameObject: {fileID: 130704}
  m_Enabled: 1
  m_CastShadows: 1
  m_ReceiveShadows: 1
  m_Materials:
  - {fileID: 2100000, guid: 3661fa56d77cf2e4db4ff0e73b7cf46b, type: 2}
  m_SubsetIndices: 
  m_StaticBatchRoot: {fileID: 0}
  m_UseLightProbes: 1
  m_ReflectionProbeUsage: 1
  m_ProbeAnchor: {fileID: 0}
  m_ScaleInLightmap: 1
  m_PreserveUVs: 0
  m_IgnoreNormalsForChartDetection: 0
  m_ImportantGI: 0
  m_MinimumChartSize: 4
  m_AutoUVMaxDistance: .5
  m_AutoUVMaxAngle: 89
  m_LightmapParameters: {fileID: 0}
  m_SortingLayerID: 0
  m_SortingOrder: 0
  serializedVersion: 2
  m_Quality: 0
  m_UpdateWhenOffscreen: 0
  m_Mesh: {fileID: 4300004, guid: 556f2abb22f9cce4c9788b5ee3f2f273, type: 3}
  m_Bones:
  - {fileID: 495544}
  - {fileID: 419534}
  m_BlendShapeWeights: []
  m_RootBone: {fileID: 419534}
  m_AABB:
    m_Center: {x: -.00581884384, y: .200744659, z: .00672698021}
    m_Extent: {x: .137237832, y: .139029413, z: .137036115}
  m_DirtyAABB: 0
--- !u!1001 &100100000
Prefab:
  m_ObjectHideFlags: 1
  serializedVersion: 2
  m_Modification:
    m_TransformParent: {fileID: 0}
    m_Modifications: []
    m_RemovedComponents: []
  m_ParentPrefab: {fileID: 0}
  m_RootGameObject: {fileID: 191780}
  m_IsPrefabParent: 1
